@ARTICLE{tam19912d,
  author = {Tam, TKH and Armstrong, Cecil G},
  title = {2D finite element mesh generation by medial axis subdivision},
  journal = {Advances in engineering software and workstations},
  year = {1991},
  volume = {13},
  pages = {313--324},
  number = {5},
  file = {:tam19912d.pdf:PDF},
  publisher = {Elsevier}
}

@article{knupp2012introducing,
  title={Introducing the target-matrix paradigm for mesh optimization via node-movement},
  author={Knupp, Patrick},
  journal={Engineering with Computers},
  volume={28},
  number={4},
  pages={419--429},
  year={2012},
  publisher={Springer}
}

@book{nocedal:1999,
        Author = {Nocedal, J. and Wright, S. J.},
        Publisher = {Springer verlag},
        Title = {Numerical optimization},
        Year = {1999}}
@article{曲连忠2009渗透率各向异性疏松砂岩脱砂压裂产能流固耦合模拟,
     title={渗透率各向异性疏松砂岩脱砂压裂产能流固耦合模拟},
     author={曲连忠 and 程远方 and 赵益忠 and 沈海超 and 贾江鸿 and 赵寿强},
     journal={中国石油大学学报(自然科学版)},
     volume={33},
     number={2},
     pages={70-74},
     year={2009},
 }
